[gd_scene load_steps=5 format=2]

[ext_resource path="res://Player/Moe.png" type="Texture" id=1]
[ext_resource path="res://Player/Curly.png" type="Texture" id=2]
[ext_resource path="res://Player/Parts/IdleChicken.tres" type="Animation" id=3]
[ext_resource path="res://Player/Parts/Walk.tres" type="Animation" id=4]

[node name="Pelvis" type="Sprite"]

position = Vector2( 0.155914, -1.66454 )
texture = ExtResource( 1 )
region_enabled = true
region_rect = Rect2( 185.25, 587.25, 120.75, 98.75 )
_sections_unfolded = [ "Region" ]

[node name="RightThigh" type="Sprite" parent="." index="0"]

position = Vector2( -48.1546, 8.58952 )
rotation = -0.101619
texture = ExtResource( 1 )
offset = Vector2( -13.0468, 38.0486 )
region_enabled = true
region_rect = Rect2( 146, 664.75, 66, 110 )
_sections_unfolded = [ "Offset", "Region", "Transform" ]
__meta__ = {
"_edit_bone_": true,
"_edit_ik_": true
}

[node name="RightCalf" type="Sprite" parent="RightThigh" index="0"]

position = Vector2( -23.0854, 69.811 )
rotation = 0.455046
texture = ExtResource( 1 )
offset = Vector2( -5.11518, 35.7807 )
region_enabled = true
region_rect = Rect2( 121.25, 777.5, 65, 116.25 )
_sections_unfolded = [ "Region" ]
__meta__ = {
"_edit_bone_": true
}

[node name="RightFoot" type="Sprite" parent="RightThigh/RightCalf" index="0"]

position = Vector2( -16.7941, 86.3641 )
rotation = -0.365052
texture = ExtResource( 1 )
offset = Vector2( 23.0853, 5.16065 )
region_enabled = true
region_rect = Rect2( 114.5, 892, 91.75, 55.25 )
_sections_unfolded = [ "Offset", "Region" ]
__meta__ = {
"_edit_bone_": true
}

[node name="Position2D" type="Position2D" parent="RightThigh/RightCalf/RightFoot" index="0"]

position = Vector2( 49.287, 4.8457 )
rotation = 0.018076
__meta__ = {
"_edit_bone_": true
}

[node name="Position2D" type="Position2D" parent="RightThigh/RightCalf/RightFoot/Position2D" index="0"]

position = Vector2( 3.87489, 12.2388 )
__meta__ = {
"_edit_bone_": true
}

[node name="LeftThigh" type="Sprite" parent="." index="1"]

position = Vector2( 34.8505, 1.84787 )
rotation = -1.17471
z_index = -1
texture = ExtResource( 1 )
offset = Vector2( 11.8423, 46.2354 )
region_enabled = true
region_rect = Rect2( 301, 647, 64.75, 123.75 )
_sections_unfolded = [ "Offset", "Region", "Transform", "Z Index" ]
__meta__ = {
"_edit_bone_": true,
"_edit_ik_": true
}

[node name="LeftCalf" type="Sprite" parent="LeftThigh" index="0"]

position = Vector2( 21.2374, 85.2594 )
rotation = 1.61655
texture = ExtResource( 1 )
offset = Vector2( 9.53628, 41.2856 )
region_enabled = true
region_rect = Rect2( 315.25, 773, 67.75, 124.25 )
_sections_unfolded = [ "Region" ]
__meta__ = {
"_edit_bone_": true
}

[node name="LeftFoot" type="Sprite" parent="LeftThigh/LeftCalf" index="0"]

position = Vector2( 7.52255, 96.6502 )
rotation = -0.479693
texture = ExtResource( 1 )
offset = Vector2( 26.6283, -3.46081 )
region_enabled = true
region_rect = Rect2( 333.75, 894.5, 93.75, 48.75 )
_sections_unfolded = [ "Offset", "Region" ]
__meta__ = {
"_edit_bone_": true
}

[node name="Position2D" type="Position2D" parent="LeftThigh/LeftCalf/LeftFoot" index="0"]

position = Vector2( 56.4833, -6.12614 )
rotation = 0.166864
__meta__ = {
"_edit_bone_": true
}

[node name="Position2D" type="Position2D" parent="LeftThigh/LeftCalf/LeftFoot/Position2D" index="0"]

position = Vector2( 12.4685, 9.8654 )
__meta__ = {
"_edit_bone_": true
}

[node name="Torso" type="Sprite" parent="." index="2"]

position = Vector2( -4.31284, -19.1796 )
rotation = -0.0154173
texture = ExtResource( 1 )
offset = Vector2( 5.12735, -101.367 )
region_enabled = true
region_rect = Rect2( 174, 315, 145, 240.5 )
_sections_unfolded = [ "Region" ]

[node name="RightUpperArm" type="Sprite" parent="Torso" index="0"]

position = Vector2( -58.2321, -132.864 )
rotation = 0.548757
texture = ExtResource( 1 )
offset = Vector2( -23.1174, 20.0086 )
region_enabled = true
region_rect = Rect2( 68.5, 383, 97.25, 96 )
_sections_unfolded = [ "Region" ]
__meta__ = {
"_edit_bone_": true,
"_edit_ik_": true
}

[node name="RightLowerArm" type="Sprite" parent="Torso/RightUpperArm" index="0"]

position = Vector2( -50.5205, 53.7996 )
rotation = -0.893596
texture = ExtResource( 1 )
offset = Vector2( -12.9947, 50.305 )
region_enabled = true
region_rect = Rect2( 23.5, 481, 78, 139.5 )
_sections_unfolded = [ "Region" ]
__meta__ = {
"_edit_bone_": true
}

[node name="RightHand" type="Sprite" parent="Torso/RightUpperArm/RightLowerArm" index="0"]

position = Vector2( -11.6565, 122.012 )
rotation = 0.545298
texture = ExtResource( 1 )
offset = Vector2( 6.27669, 15.5742 )
region_enabled = true
region_rect = Rect2( 32, 613, 69.5, 60 )
_sections_unfolded = [ "Region" ]
__meta__ = {
"_edit_bone_": true
}

[node name="Position2D" type="Position2D" parent="Torso/RightUpperArm/RightLowerArm/RightHand" index="0"]

position = Vector2( 6.24977, 23.9732 )
rotation = -0.940617
__meta__ = {
"_edit_bone_": true
}

[node name="Position2D" type="Position2D" parent="Torso/RightUpperArm/RightLowerArm/RightHand/Position2D" index="0"]

position = Vector2( 7.884, 12.7975 )
__meta__ = {
"_edit_bone_": true
}

[node name="LeftUpperArm" type="Sprite" parent="Torso" index="1"]

position = Vector2( 51.1288, -146.585 )
rotation = -6.03467
z_index = -1
texture = ExtResource( 1 )
offset = Vector2( 19.3597, 21.2291 )
region_enabled = true
region_rect = Rect2( 331, 374.5, 82.25, 95.25 )
_sections_unfolded = [ "Region", "Z Index" ]
__meta__ = {
"_edit_bone_": true,
"_edit_ik_": true
}

[node name="LeftLowerArm" type="Sprite" parent="Torso/LeftUpperArm" index="0"]

position = Vector2( 44.8154, 51.7126 )
rotation = -1.82372
texture = ExtResource( 1 )
offset = Vector2( 19.0452, 43.2919 )
region_enabled = true
region_rect = Rect2( 392.75, 467, 88.5, 132.25 )
_sections_unfolded = [ "Region" ]
__meta__ = {
"_edit_bone_": true
}

[node name="LeftHand" type="Sprite" parent="Torso/LeftUpperArm/LeftLowerArm" index="0"]

position = Vector2( 39.3685, 109.698 )
rotation = 2.21712
texture = ExtResource( 1 )
offset = Vector2( 6.27669, 15.5742 )
region_enabled = true
region_rect = Rect2( 438, 596.25, 58.5, 42.25 )
_sections_unfolded = [ "Region" ]
__meta__ = {
"_edit_bone_": true
}

[node name="Position2D" type="Position2D" parent="Torso/LeftUpperArm/LeftLowerArm/LeftHand" index="0"]

position = Vector2( 16.299, 17.5559 )
rotation = -0.581451
__meta__ = {
"_edit_bone_": true
}

[node name="Position2D" type="Position2D" parent="Torso/LeftUpperArm/LeftLowerArm/LeftHand/Position2D" index="0"]

position = Vector2( -8.26428, 11.1871 )
__meta__ = {
"_edit_bone_": true
}

[node name="Head" type="Sprite" parent="Torso" index="2"]

position = Vector2( 12.9592, -212.822 )
rotation = -0.211193
texture = ExtResource( 2 )
offset = Vector2( 2.24954, -106.219 )
region_enabled = true
region_rect = Rect2( 105, 46, 299, 255 )
_sections_unfolded = [ "Region" ]
__meta__ = {
"_edit_bone_": true
}

[node name="Position2D" type="Position2D" parent="Torso/Head" index="0"]

position = Vector2( 15.5687, -130.964 )
rotation = 0.30478
__meta__ = {
"_edit_bone_": true
}

[node name="AnimationPlayer" type="AnimationPlayer" parent="." index="3"]

root_node = NodePath("..")
autoplay = "IdleChicken"
playback_process_mode = 1
playback_default_blend_time = 0.0
playback_speed = 1.0
anims/IdleChicken = ExtResource( 3 )
anims/Walk = ExtResource( 4 )
blend_times = [  ]


