[gd_scene load_steps=5 format=2]

[ext_resource path="res://Player/Larry.png" type="Texture" id=1]
[ext_resource path="res://Player/Moe.png" type="Texture" id=2]
[ext_resource path="res://Player/Parts/JumpingJacks.tres" type="Animation" id=3]

[sub_resource type="Animation" id=1]

resource_name = "IdleWoooo"
length = 1.0
loop = true
step = 0.1
tracks/0/type = "value"
tracks/0/path = NodePath("LeftThigh/LeftCalf/LeftFoot/Position2D/Position2D:position")
tracks/0/interp = 1
tracks/0/loop_wrap = true
tracks/0/imported = false
tracks/0/enabled = true
tracks/0/keys = {
"times": PoolRealArray( 0, 0.5, 1 ),
"transitions": PoolRealArray( 1, 1, 1 ),
"update": 0,
"values": [ Vector2( 12.4685, 9.8654 ), Vector2( 12.4685, 9.8654 ), Vector2( 12.4685, 9.8654 ) ]
}
tracks/1/type = "value"
tracks/1/path = NodePath("LeftThigh/LeftCalf/LeftFoot/Position2D/Position2D:rotation_degrees")
tracks/1/interp = 1
tracks/1/loop_wrap = true
tracks/1/imported = false
tracks/1/enabled = true
tracks/1/keys = {
"times": PoolRealArray( 0, 0.5, 1 ),
"transitions": PoolRealArray( 1, 1, 1 ),
"update": 0,
"values": [ 0.0, 0.0, 0.0 ]
}
tracks/2/type = "value"
tracks/2/path = NodePath("LeftThigh/LeftCalf/LeftFoot/Position2D:position")
tracks/2/interp = 1
tracks/2/loop_wrap = true
tracks/2/imported = false
tracks/2/enabled = true
tracks/2/keys = {
"times": PoolRealArray( 0, 0.5, 1 ),
"transitions": PoolRealArray( 1, 1, 1 ),
"update": 0,
"values": [ Vector2( 56.4833, -6.12614 ), Vector2( 56.4833, -6.12614 ), Vector2( 56.4833, -6.12614 ) ]
}
tracks/3/type = "value"
tracks/3/path = NodePath("LeftThigh/LeftCalf/LeftFoot/Position2D:rotation_degrees")
tracks/3/interp = 1
tracks/3/loop_wrap = true
tracks/3/imported = false
tracks/3/enabled = true
tracks/3/keys = {
"times": PoolRealArray( 0, 0.5, 1 ),
"transitions": PoolRealArray( 1, 1, 1 ),
"update": 0,
"values": [ 9.56062, 9.56062, 9.56062 ]
}
tracks/4/type = "value"
tracks/4/path = NodePath("LeftThigh/LeftCalf/LeftFoot:position")
tracks/4/interp = 1
tracks/4/loop_wrap = true
tracks/4/imported = false
tracks/4/enabled = true
tracks/4/keys = {
"times": PoolRealArray( 0, 0.5, 1 ),
"transitions": PoolRealArray( 1, 1, 1 ),
"update": 0,
"values": [ Vector2( 7.52252, 96.6499 ), Vector2( 7.52251, 96.6501 ), Vector2( 7.52252, 96.6499 ) ]
}
tracks/5/type = "value"
tracks/5/path = NodePath("LeftThigh/LeftCalf/LeftFoot:rotation_degrees")
tracks/5/interp = 1
tracks/5/loop_wrap = true
tracks/5/imported = false
tracks/5/enabled = true
tracks/5/keys = {
"times": PoolRealArray( 0, 0.5, 1 ),
"transitions": PoolRealArray( 1, 1, 1 ),
"update": 0,
"values": [ -31.5042, 25.8591, -31.5042 ]
}
tracks/6/type = "value"
tracks/6/path = NodePath("LeftThigh/LeftCalf:position")
tracks/6/interp = 1
tracks/6/loop_wrap = true
tracks/6/imported = false
tracks/6/enabled = true
tracks/6/keys = {
"times": PoolRealArray( 0, 0.5, 1 ),
"transitions": PoolRealArray( 1, 1, 1 ),
"update": 0,
"values": [ Vector2( 21.2374, 85.2594 ), Vector2( 21.2374, 85.2594 ), Vector2( 21.2374, 85.2594 ) ]
}
tracks/7/type = "value"
tracks/7/path = NodePath("LeftThigh/LeftCalf:rotation_degrees")
tracks/7/interp = 1
tracks/7/loop_wrap = true
tracks/7/imported = false
tracks/7/enabled = true
tracks/7/keys = {
"times": PoolRealArray( 0, 0.5, 1 ),
"transitions": PoolRealArray( 1, 1, 1 ),
"update": 0,
"values": [ -0.101274, -13.9156, -0.101274 ]
}
tracks/8/type = "value"
tracks/8/path = NodePath("LeftThigh:position")
tracks/8/interp = 1
tracks/8/loop_wrap = true
tracks/8/imported = false
tracks/8/enabled = true
tracks/8/keys = {
"times": PoolRealArray( 0, 0.5, 1 ),
"transitions": PoolRealArray( 1, 1, 1 ),
"update": 0,
"values": [ Vector2( 34.8505, 1.84787 ), Vector2( 34.8505, 1.84787 ), Vector2( 34.8505, 1.84787 ) ]
}
tracks/9/type = "value"
tracks/9/path = NodePath("LeftThigh:rotation_degrees")
tracks/9/interp = 1
tracks/9/loop_wrap = true
tracks/9/imported = false
tracks/9/enabled = true
tracks/9/keys = {
"times": PoolRealArray( 0, 0.5, 1 ),
"transitions": PoolRealArray( 1, 1, 1 ),
"update": 0,
"values": [ 29.4368, -14.1121, 29.4368 ]
}
tracks/10/type = "value"
tracks/10/path = NodePath("Torso/RightUpperArm/RightLowerArm/RightHand/Position2D/Position2D:position")
tracks/10/interp = 1
tracks/10/loop_wrap = true
tracks/10/imported = false
tracks/10/enabled = true
tracks/10/keys = {
"times": PoolRealArray( 0, 0.5, 1 ),
"transitions": PoolRealArray( 1, 1, 1 ),
"update": 0,
"values": [ Vector2( 7.884, 12.7975 ), Vector2( 7.884, 12.7975 ), Vector2( 7.884, 12.7975 ) ]
}
tracks/11/type = "value"
tracks/11/path = NodePath("Torso/RightUpperArm/RightLowerArm/RightHand/Position2D/Position2D:rotation_degrees")
tracks/11/interp = 1
tracks/11/loop_wrap = true
tracks/11/imported = false
tracks/11/enabled = true
tracks/11/keys = {
"times": PoolRealArray( 0, 0.5, 1 ),
"transitions": PoolRealArray( 1, 1, 1 ),
"update": 0,
"values": [ 0.0, 0.0, 0.0 ]
}
tracks/12/type = "value"
tracks/12/path = NodePath("Torso/RightUpperArm/RightLowerArm/RightHand/Position2D:position")
tracks/12/interp = 1
tracks/12/loop_wrap = true
tracks/12/imported = false
tracks/12/enabled = true
tracks/12/keys = {
"times": PoolRealArray( 0, 0.5, 1 ),
"transitions": PoolRealArray( 1, 1, 1 ),
"update": 0,
"values": [ Vector2( 6.24977, 23.9732 ), Vector2( 6.24977, 23.9732 ), Vector2( 6.24977, 23.9732 ) ]
}
tracks/13/type = "value"
tracks/13/path = NodePath("Torso/RightUpperArm/RightLowerArm/RightHand/Position2D:rotation_degrees")
tracks/13/interp = 1
tracks/13/loop_wrap = true
tracks/13/imported = false
tracks/13/enabled = true
tracks/13/keys = {
"times": PoolRealArray( 0, 0.5, 1 ),
"transitions": PoolRealArray( 1, 1, 1 ),
"update": 0,
"values": [ -84.2086, -84.2086, -84.2086 ]
}
tracks/14/type = "value"
tracks/14/path = NodePath("Torso/RightUpperArm/RightLowerArm/RightHand:position")
tracks/14/interp = 1
tracks/14/loop_wrap = true
tracks/14/imported = false
tracks/14/enabled = true
tracks/14/keys = {
"times": PoolRealArray( 0, 0.5, 1 ),
"transitions": PoolRealArray( 1, 1, 1 ),
"update": 0,
"values": [ Vector2( -11.6566, 122.012 ), Vector2( -11.6566, 122.012 ), Vector2( -11.6566, 122.012 ) ]
}
tracks/15/type = "value"
tracks/15/path = NodePath("Torso/RightUpperArm/RightLowerArm/RightHand:rotation_degrees")
tracks/15/interp = 1
tracks/15/loop_wrap = true
tracks/15/imported = false
tracks/15/enabled = true
tracks/15/keys = {
"times": PoolRealArray( 0, 0.5, 1 ),
"transitions": PoolRealArray( 1, 1, 1 ),
"update": 0,
"values": [ -80.6976, -127.953, -80.6976 ]
}
tracks/16/type = "value"
tracks/16/path = NodePath("Torso/RightUpperArm/RightLowerArm:position")
tracks/16/interp = 1
tracks/16/loop_wrap = true
tracks/16/imported = false
tracks/16/enabled = true
tracks/16/keys = {
"times": PoolRealArray( 0, 0.5, 1 ),
"transitions": PoolRealArray( 1, 1, 1 ),
"update": 0,
"values": [ Vector2( -50.5205, 53.7995 ), Vector2( -50.5205, 53.7995 ), Vector2( -50.5205, 53.7995 ) ]
}
tracks/17/type = "value"
tracks/17/path = NodePath("Torso/RightUpperArm/RightLowerArm:rotation_degrees")
tracks/17/interp = 1
tracks/17/loop_wrap = true
tracks/17/imported = false
tracks/17/enabled = true
tracks/17/keys = {
"times": PoolRealArray( 0, 0.5, 1 ),
"transitions": PoolRealArray( 1, 1, 1 ),
"update": 0,
"values": [ 32.9023, 44.8154, 32.9023 ]
}
tracks/18/type = "value"
tracks/18/path = NodePath("Torso/RightUpperArm:position")
tracks/18/interp = 1
tracks/18/loop_wrap = true
tracks/18/imported = false
tracks/18/enabled = true
tracks/18/keys = {
"times": PoolRealArray( 0, 0.5, 1 ),
"transitions": PoolRealArray( 1, 1, 1 ),
"update": 0,
"values": [ Vector2( -58.2321, -132.864 ), Vector2( -58.2321, -132.864 ), Vector2( -58.2321, -132.864 ) ]
}
tracks/19/type = "value"
tracks/19/path = NodePath("Torso/RightUpperArm:rotation_degrees")
tracks/19/interp = 1
tracks/19/loop_wrap = true
tracks/19/imported = false
tracks/19/enabled = true
tracks/19/keys = {
"times": PoolRealArray( 0, 0.5, 1 ),
"transitions": PoolRealArray( 1, 1, 1 ),
"update": 0,
"values": [ 89.596, 124.938, 89.596 ]
}
tracks/20/type = "value"
tracks/20/path = NodePath("Torso/LeftUpperArm/LeftLowerArm/LeftHand/Position2D/Position2D:position")
tracks/20/interp = 1
tracks/20/loop_wrap = true
tracks/20/imported = false
tracks/20/enabled = true
tracks/20/keys = {
"times": PoolRealArray( 0, 0.5, 1 ),
"transitions": PoolRealArray( 1, 1, 1 ),
"update": 0,
"values": [ Vector2( -8.26428, 11.1871 ), Vector2( -8.26428, 11.1871 ), Vector2( -8.26428, 11.1871 ) ]
}
tracks/21/type = "value"
tracks/21/path = NodePath("Torso/LeftUpperArm/LeftLowerArm/LeftHand/Position2D/Position2D:rotation_degrees")
tracks/21/interp = 1
tracks/21/loop_wrap = true
tracks/21/imported = false
tracks/21/enabled = true
tracks/21/keys = {
"times": PoolRealArray( 0, 0.5, 1 ),
"transitions": PoolRealArray( 1, 1, 1 ),
"update": 0,
"values": [ 0.0, 0.0, 0.0 ]
}
tracks/22/type = "value"
tracks/22/path = NodePath("Torso/LeftUpperArm/LeftLowerArm/LeftHand/Position2D:position")
tracks/22/interp = 1
tracks/22/loop_wrap = true
tracks/22/imported = false
tracks/22/enabled = true
tracks/22/keys = {
"times": PoolRealArray( 0, 0.5, 1 ),
"transitions": PoolRealArray( 1, 1, 1 ),
"update": 0,
"values": [ Vector2( 16.299, 17.5559 ), Vector2( 16.299, 17.5559 ), Vector2( 16.299, 17.5559 ) ]
}
tracks/23/type = "value"
tracks/23/path = NodePath("Torso/LeftUpperArm/LeftLowerArm/LeftHand/Position2D:rotation_degrees")
tracks/23/interp = 1
tracks/23/loop_wrap = true
tracks/23/imported = false
tracks/23/enabled = true
tracks/23/keys = {
"times": PoolRealArray( 0, 0.5, 1 ),
"transitions": PoolRealArray( 1, 1, 1 ),
"update": 0,
"values": [ -33.3147, -33.3147, -33.3147 ]
}
tracks/24/type = "value"
tracks/24/path = NodePath("Torso/LeftUpperArm/LeftLowerArm/LeftHand:position")
tracks/24/interp = 1
tracks/24/loop_wrap = true
tracks/24/imported = false
tracks/24/enabled = true
tracks/24/keys = {
"times": PoolRealArray( 0, 0.5, 1 ),
"transitions": PoolRealArray( 1, 1, 1 ),
"update": 0,
"values": [ Vector2( 39.3684, 109.697 ), Vector2( 39.3685, 109.697 ), Vector2( 39.3684, 109.697 ) ]
}
tracks/25/type = "value"
tracks/25/path = NodePath("Torso/LeftUpperArm/LeftLowerArm/LeftHand:rotation_degrees")
tracks/25/interp = 1
tracks/25/loop_wrap = true
tracks/25/imported = false
tracks/25/enabled = true
tracks/25/keys = {
"times": PoolRealArray( 0, 0.5, 1 ),
"transitions": PoolRealArray( 1, 1, 1 ),
"update": 0,
"values": [ 165.01, 127.141, 165.01 ]
}
tracks/26/type = "value"
tracks/26/path = NodePath("Torso/LeftUpperArm/LeftLowerArm:position")
tracks/26/interp = 1
tracks/26/loop_wrap = true
tracks/26/imported = false
tracks/26/enabled = true
tracks/26/keys = {
"times": PoolRealArray( 0, 0.5, 1 ),
"transitions": PoolRealArray( 1, 1, 1 ),
"update": 0,
"values": [ Vector2( 44.8154, 51.7126 ), Vector2( 44.8154, 51.7126 ), Vector2( 44.8154, 51.7126 ) ]
}
tracks/27/type = "value"
tracks/27/path = NodePath("Torso/LeftUpperArm/LeftLowerArm:rotation_degrees")
tracks/27/interp = 1
tracks/27/loop_wrap = true
tracks/27/imported = false
tracks/27/enabled = true
tracks/27/keys = {
"times": PoolRealArray( 0, 0.5, 1 ),
"transitions": PoolRealArray( 1, 1, 1 ),
"update": 0,
"values": [ -15.9508, -19.2406, -15.9508 ]
}
tracks/28/type = "value"
tracks/28/path = NodePath("Torso/LeftUpperArm:position")
tracks/28/interp = 1
tracks/28/loop_wrap = true
tracks/28/imported = false
tracks/28/enabled = true
tracks/28/keys = {
"times": PoolRealArray( 0, 0.5, 1 ),
"transitions": PoolRealArray( 1, 1, 1 ),
"update": 0,
"values": [ Vector2( 51.1288, -146.585 ), Vector2( 51.1288, -146.585 ), Vector2( 51.1288, -146.585 ) ]
}
tracks/29/type = "value"
tracks/29/path = NodePath("Torso/LeftUpperArm:rotation_degrees")
tracks/29/interp = 1
tracks/29/loop_wrap = true
tracks/29/imported = false
tracks/29/enabled = true
tracks/29/keys = {
"times": PoolRealArray( 0, 0.5, 1 ),
"transitions": PoolRealArray( 1, 1, 1 ),
"update": 0,
"values": [ -472.281, -431.122, -472.281 ]
}
tracks/30/type = "value"
tracks/30/path = NodePath("RightThigh/RightCalf/RightFoot/Position2D/Position2D:position")
tracks/30/interp = 1
tracks/30/loop_wrap = true
tracks/30/imported = false
tracks/30/enabled = true
tracks/30/keys = {
"times": PoolRealArray( 0, 0.5, 1 ),
"transitions": PoolRealArray( 1, 1, 1 ),
"update": 0,
"values": [ Vector2( 3.87489, 12.2388 ), Vector2( 3.87489, 12.2388 ), Vector2( 3.87489, 12.2388 ) ]
}
tracks/31/type = "value"
tracks/31/path = NodePath("RightThigh/RightCalf/RightFoot/Position2D/Position2D:rotation_degrees")
tracks/31/interp = 1
tracks/31/loop_wrap = true
tracks/31/imported = false
tracks/31/enabled = true
tracks/31/keys = {
"times": PoolRealArray( 0, 0.5, 1 ),
"transitions": PoolRealArray( 1, 1, 1 ),
"update": 0,
"values": [ 0.0, 0.0, 0.0 ]
}
tracks/32/type = "value"
tracks/32/path = NodePath("RightThigh/RightCalf/RightFoot/Position2D:position")
tracks/32/interp = 1
tracks/32/loop_wrap = true
tracks/32/imported = false
tracks/32/enabled = true
tracks/32/keys = {
"times": PoolRealArray( 0, 0.5, 1 ),
"transitions": PoolRealArray( 1, 1, 1 ),
"update": 0,
"values": [ Vector2( 49.287, 4.8457 ), Vector2( 49.287, 4.8457 ), Vector2( 49.287, 4.8457 ) ]
}
tracks/33/type = "value"
tracks/33/path = NodePath("RightThigh/RightCalf/RightFoot/Position2D:rotation_degrees")
tracks/33/interp = 1
tracks/33/loop_wrap = true
tracks/33/imported = false
tracks/33/enabled = true
tracks/33/keys = {
"times": PoolRealArray( 0, 0.5, 1 ),
"transitions": PoolRealArray( 1, 1, 1 ),
"update": 0,
"values": [ 1.03568, 1.03568, 1.03568 ]
}
tracks/34/type = "value"
tracks/34/path = NodePath("RightThigh/RightCalf/RightFoot:position")
tracks/34/interp = 1
tracks/34/loop_wrap = true
tracks/34/imported = false
tracks/34/enabled = true
tracks/34/keys = {
"times": PoolRealArray( 0, 0.5, 1 ),
"transitions": PoolRealArray( 1, 1, 1 ),
"update": 0,
"values": [ Vector2( -16.7942, 86.3641 ), Vector2( -16.7942, 86.3641 ), Vector2( -16.7942, 86.3641 ) ]
}
tracks/35/type = "value"
tracks/35/path = NodePath("RightThigh/RightCalf/RightFoot:rotation_degrees")
tracks/35/interp = 1
tracks/35/loop_wrap = true
tracks/35/imported = false
tracks/35/enabled = true
tracks/35/keys = {
"times": PoolRealArray( 0, 0.5, 1 ),
"transitions": PoolRealArray( 1, 1, 1 ),
"update": 0,
"values": [ -19.1737, 42.5957, -19.1737 ]
}
tracks/36/type = "value"
tracks/36/path = NodePath("RightThigh/RightCalf:position")
tracks/36/interp = 1
tracks/36/loop_wrap = true
tracks/36/imported = false
tracks/36/enabled = true
tracks/36/keys = {
"times": PoolRealArray( 0, 0.5, 1 ),
"transitions": PoolRealArray( 1, 1, 1 ),
"update": 0,
"values": [ Vector2( -23.0854, 69.811 ), Vector2( -23.0854, 69.811 ), Vector2( -23.0854, 69.811 ) ]
}
tracks/37/type = "value"
tracks/37/path = NodePath("RightThigh/RightCalf:rotation_degrees")
tracks/37/interp = 1
tracks/37/loop_wrap = true
tracks/37/imported = false
tracks/37/enabled = true
tracks/37/keys = {
"times": PoolRealArray( 0, 0.5, 1 ),
"transitions": PoolRealArray( 1, 1, 1 ),
"update": 0,
"values": [ 12.3138, 3.44542, 12.3138 ]
}
tracks/38/type = "value"
tracks/38/path = NodePath("RightThigh:position")
tracks/38/interp = 1
tracks/38/loop_wrap = true
tracks/38/imported = false
tracks/38/enabled = true
tracks/38/keys = {
"times": PoolRealArray( 0, 0.5, 1 ),
"transitions": PoolRealArray( 1, 1, 1 ),
"update": 0,
"values": [ Vector2( -48.1546, 8.58952 ), Vector2( -48.1546, 8.58952 ), Vector2( -48.1546, 8.58952 ) ]
}
tracks/39/type = "value"
tracks/39/path = NodePath("RightThigh:rotation_degrees")
tracks/39/interp = 1
tracks/39/loop_wrap = true
tracks/39/imported = false
tracks/39/enabled = true
tracks/39/keys = {
"times": PoolRealArray( 0, 0.5, 1 ),
"transitions": PoolRealArray( 1, 1, 1 ),
"update": 0,
"values": [ 6.19381, -46.7072, 6.19381 ]
}
tracks/40/type = "value"
tracks/40/path = NodePath("Torso:position")
tracks/40/interp = 1
tracks/40/loop_wrap = true
tracks/40/imported = false
tracks/40/enabled = true
tracks/40/keys = {
"times": PoolRealArray( 0, 0.5, 1 ),
"transitions": PoolRealArray( 1, 1, 1 ),
"update": 0,
"values": [ Vector2( -4.31284, -19.1796 ), Vector2( -4.31284, -19.1796 ), Vector2( -4.31284, -19.1796 ) ]
}
tracks/41/type = "value"
tracks/41/path = NodePath("Torso:rotation_degrees")
tracks/41/interp = 1
tracks/41/loop_wrap = true
tracks/41/imported = false
tracks/41/enabled = true
tracks/41/keys = {
"times": PoolRealArray( 0, 0.5, 1 ),
"transitions": PoolRealArray( 1, 1, 1 ),
"update": 0,
"values": [ -16.9877, 23.1124, -16.9877 ]
}
tracks/42/type = "value"
tracks/42/path = NodePath("Torso/Head:position")
tracks/42/interp = 1
tracks/42/loop_wrap = true
tracks/42/imported = false
tracks/42/enabled = true
tracks/42/keys = {
"times": PoolRealArray( 0, 0.5, 1 ),
"transitions": PoolRealArray( 1, 1, 1 ),
"update": 0,
"values": [ Vector2( 12.2193, -215.25 ), Vector2( 12.2193, -215.25 ), Vector2( 12.2193, -215.25 ) ]
}
tracks/43/type = "value"
tracks/43/path = NodePath("Torso/Head:rotation_degrees")
tracks/43/interp = 1
tracks/43/loop_wrap = true
tracks/43/imported = false
tracks/43/enabled = true
tracks/43/keys = {
"times": PoolRealArray( 0, 0.5, 1 ),
"transitions": PoolRealArray( 1, 1, 1 ),
"update": 0,
"values": [ 5.36214, 18.8969, 5.36214 ]
}

[node name="Pelvis" type="Sprite" index="0"]

texture = ExtResource( 1 )
region_enabled = true
region_rect = Rect2( 185.25, 587.25, 120.75, 98.75 )
_sections_unfolded = [ "Region" ]

[node name="RightThigh" type="Sprite" parent="." index="0"]

position = Vector2( -48.1546, 8.58952 )
rotation = -0.729825
texture = ExtResource( 1 )
offset = Vector2( -13.0468, 38.0486 )
region_enabled = true
region_rect = Rect2( 146, 664.75, 66, 110 )
_sections_unfolded = [ "Offset", "Region", "Transform" ]
__meta__ = {
"_edit_bone_": true,
"_edit_ik_": true
}

[node name="RightCalf" type="Sprite" parent="RightThigh" index="0"]

position = Vector2( -23.0854, 69.811 )
rotation = 0.0744454
texture = ExtResource( 1 )
offset = Vector2( -5.11518, 35.7807 )
region_enabled = true
region_rect = Rect2( 121.25, 777.5, 65, 116.25 )
_sections_unfolded = [ "Region" ]
__meta__ = {
"_edit_bone_": true
}

[node name="RightFoot" type="Sprite" parent="RightThigh/RightCalf" index="0"]

position = Vector2( -16.7942, 86.3641 )
rotation = 0.643755
texture = ExtResource( 1 )
offset = Vector2( 23.0853, 5.16065 )
region_enabled = true
region_rect = Rect2( 114.5, 892, 91.75, 55.25 )
_sections_unfolded = [ "Offset", "Region" ]
__meta__ = {
"_edit_bone_": true
}

[node name="Position2D" type="Position2D" parent="RightThigh/RightCalf/RightFoot" index="0"]

position = Vector2( 49.287, 4.8457 )
rotation = 0.018076
__meta__ = {
"_edit_bone_": true
}

[node name="Position2D" type="Position2D" parent="RightThigh/RightCalf/RightFoot/Position2D" index="0"]

position = Vector2( 3.87489, 12.2388 )
__meta__ = {
"_edit_bone_": true
}

[node name="LeftThigh" type="Sprite" parent="." index="1"]

position = Vector2( 34.8505, 1.84787 )
rotation = -0.176025
z_index = -1
texture = ExtResource( 1 )
offset = Vector2( 11.8423, 46.2354 )
region_enabled = true
region_rect = Rect2( 301, 647, 64.75, 123.75 )
_sections_unfolded = [ "Offset", "Region", "Transform", "Z Index" ]
__meta__ = {
"_edit_bone_": true,
"_edit_ik_": true
}

[node name="LeftCalf" type="Sprite" parent="LeftThigh" index="0"]

position = Vector2( 21.2374, 85.2594 )
rotation = -0.220581
texture = ExtResource( 1 )
offset = Vector2( 9.53628, 41.2856 )
region_enabled = true
region_rect = Rect2( 315.25, 773, 67.75, 124.25 )
_sections_unfolded = [ "Region" ]
__meta__ = {
"_edit_bone_": true
}

[node name="LeftFoot" type="Sprite" parent="LeftThigh/LeftCalf" index="0"]

position = Vector2( 7.52251, 96.65 )
rotation = 0.358756
texture = ExtResource( 1 )
offset = Vector2( 26.6283, -3.46081 )
region_enabled = true
region_rect = Rect2( 333.75, 894.5, 93.75, 48.75 )
_sections_unfolded = [ "Offset", "Region" ]
__meta__ = {
"_edit_bone_": true
}

[node name="Position2D" type="Position2D" parent="LeftThigh/LeftCalf/LeftFoot" index="0"]

position = Vector2( 56.4833, -6.12614 )
rotation = 0.166864
__meta__ = {
"_edit_bone_": true
}

[node name="Position2D" type="Position2D" parent="LeftThigh/LeftCalf/LeftFoot/Position2D" index="0"]

position = Vector2( 12.4685, 9.8654 )
__meta__ = {
"_edit_bone_": true
}

[node name="Torso" type="Sprite" parent="." index="2"]

position = Vector2( -4.31284, -19.1796 )
rotation = 0.338676
texture = ExtResource( 1 )
offset = Vector2( 5.12735, -101.367 )
region_enabled = true
region_rect = Rect2( 174, 315, 145, 240.5 )
_sections_unfolded = [ "Region" ]

[node name="RightUpperArm" type="Sprite" parent="Torso" index="0"]

position = Vector2( -58.2321, -132.864 )
rotation = 2.12355
texture = ExtResource( 1 )
offset = Vector2( -23.1174, 20.0086 )
region_enabled = true
region_rect = Rect2( 68.5, 383, 97.25, 96 )
_sections_unfolded = [ "Region" ]
__meta__ = {
"_edit_bone_": true,
"_edit_ik_": true
}

[node name="RightLowerArm" type="Sprite" parent="Torso/RightUpperArm" index="0"]

position = Vector2( -50.5205, 53.7995 )
rotation = 0.762952
texture = ExtResource( 1 )
offset = Vector2( -12.9947, 50.305 )
region_enabled = true
region_rect = Rect2( 23.5, 481, 78, 139.5 )
_sections_unfolded = [ "Region" ]
__meta__ = {
"_edit_bone_": true
}

[node name="RightHand" type="Sprite" parent="Torso/RightUpperArm/RightLowerArm" index="0"]

position = Vector2( -11.6566, 122.012 )
rotation = -2.15694
scale = Vector2( 1, 1 )
texture = ExtResource( 1 )
offset = Vector2( 6.27669, 15.5742 )
region_enabled = true
region_rect = Rect2( 32, 613, 69.5, 60 )
_sections_unfolded = [ "Region" ]
__meta__ = {
"_edit_bone_": true
}

[node name="Position2D" type="Position2D" parent="Torso/RightUpperArm/RightLowerArm/RightHand" index="0"]

position = Vector2( 6.24977, 23.9732 )
rotation = -1.46972
__meta__ = {
"_edit_bone_": true
}

[node name="Position2D" type="Position2D" parent="Torso/RightUpperArm/RightLowerArm/RightHand/Position2D" index="0"]

position = Vector2( 7.884, 12.7975 )
__meta__ = {
"_edit_bone_": true
}

[node name="LeftUpperArm" type="Sprite" parent="Torso" index="1"]

position = Vector2( 51.1288, -146.585 )
rotation = -7.59091
z_index = -1
texture = ExtResource( 1 )
offset = Vector2( 19.3597, 21.2291 )
region_enabled = true
region_rect = Rect2( 331, 374.5, 82.25, 95.25 )
_sections_unfolded = [ "Region", "Z Index" ]
__meta__ = {
"_edit_bone_": true,
"_edit_ik_": true
}

[node name="LeftLowerArm" type="Sprite" parent="Torso/LeftUpperArm" index="0"]

position = Vector2( 44.8154, 51.7126 )
rotation = -0.330502
texture = ExtResource( 1 )
offset = Vector2( 19.0452, 43.2919 )
region_enabled = true
region_rect = Rect2( 392.75, 467, 88.5, 132.25 )
_sections_unfolded = [ "Region" ]
__meta__ = {
"_edit_bone_": true
}

[node name="LeftHand" type="Sprite" parent="Torso/LeftUpperArm/LeftLowerArm" index="0"]

position = Vector2( 39.3685, 109.697 )
rotation = 2.28014
scale = Vector2( 1, 1 )
texture = ExtResource( 1 )
offset = Vector2( 6.27669, 15.5742 )
region_enabled = true
region_rect = Rect2( 438, 596.25, 58.5, 42.25 )
_sections_unfolded = [ "Region" ]
__meta__ = {
"_edit_bone_": true
}

[node name="Position2D" type="Position2D" parent="Torso/LeftUpperArm/LeftLowerArm/LeftHand" index="0"]

position = Vector2( 16.299, 17.5559 )
rotation = -0.581451
__meta__ = {
"_edit_bone_": true
}

[node name="Position2D" type="Position2D" parent="Torso/LeftUpperArm/LeftLowerArm/LeftHand/Position2D" index="0"]

position = Vector2( -8.26428, 11.1871 )
__meta__ = {
"_edit_bone_": true
}

[node name="Head" type="Sprite" parent="Torso" index="2"]

position = Vector2( 12.2193, -215.25 )
rotation = 0.307972
texture = ExtResource( 2 )
offset = Vector2( -9.91203, -129.936 )
region_enabled = true
region_rect = Rect2( 130, -15, 267, 305 )
_sections_unfolded = [ "Region" ]
__meta__ = {
"_edit_bone_": true
}

[node name="Position2D" type="Position2D" parent="Torso/Head" index="0"]

position = Vector2( 15.5687, -130.964 )
rotation = 0.177099
__meta__ = {
"_edit_bone_": true
}

[node name="AnimationPlayer" type="AnimationPlayer" parent="." index="3"]

root_node = NodePath("..")
autoplay = "IdleWoooo"
playback_process_mode = 1
playback_default_blend_time = 0.0
playback_speed = 1.0
anims/IdleWoooo = SubResource( 1 )
anims/JumpingJacks = ExtResource( 3 )
blend_times = [  ]


